<record xmlns="http://www.openarchives.org/OAI/2.0/" xmlns:xsi="http://www.w3.org/2001/XMLSchema-instance"><header><identifier>oai:alma.34CSIC_INST:990012275680204201</identifier><datestamp>2020-02-06T08:41:03Z</datestamp><setSpec>manuscripta</setSpec></header><metadata><record xmlns="http://www.loc.gov/MARC21/slim" xmlns:xsi="http://www.w3.org/2001/XMLSchema-instance" xsi:schemaLocation="http://www.loc.gov/MARC21/slim http://www.loc.gov/standards/marcxml/schema/MARC21slim.xsd"><leader>07445ntm a2200625 i 4500</leader><controlfield tag="005">20181031100345.0</controlfield><controlfield tag="008">100331q10431043sp            000 0 ara d</controlfield><controlfield tag="001">990012275680204201</controlfield><datafield tag="035" ind1=" " ind2=" "><subfield code="a">CSIC001227568</subfield></datafield><datafield tag="035" ind1=" " ind2=" "><subfield code="a">(ES-MaCSI)001227568MAD01-Aleph</subfield></datafield><datafield tag="035" ind1=" " ind2=" "><subfield code="a">(OCoLC)1124057304
</subfield></datafield><datafield tag="040" ind1=" " ind2=" "><subfield code="a">ES-MaCSI</subfield><subfield code="b">spa</subfield></datafield><datafield tag="080" ind1=" " ind2=" "><subfield code="a">091(=411.21)</subfield></datafield><datafield tag="080" ind1=" " ind2=" "><subfield code="a">(038)=411.21</subfield></datafield><datafield tag="100" ind1="1" ind2=" "><subfield code="a">محمد بن حسن الزبيدي</subfield></datafield><datafield tag="245" ind1="1" ind2="0"><subfield code="a">السفر الثانِي ِمنْ مُخُتَصَر كِتَاب العَيْن</subfield><subfield code="h">[Manuscrito]</subfield></datafield><datafield tag="260" ind1=" " ind2=" "><subfield code="a">[S.l.],</subfield><subfield code="c">1043 [1 rabīʽ al-awwal/8 octubre 1043].</subfield></datafield><datafield tag="300" ind1=" " ind2=" "><subfield code="a">148 ff., y una de guarda más moderna (1 col. 23-25 líneas por pág.) :</subfield><subfield code="b">Papel tratado ;</subfield><subfield code="c">22,5x16 cm. (caja: 19x11,5 cm.).</subfield></datafield><datafield tag="490" ind1="0" ind2=" "><subfield code="a">Manuscripta</subfield></datafield><datafield tag="500" ind1=" " ind2=" "><subfield code="a">Incipit:[بسملة] بَابُ الْثُّنإِي الْمضَاْعَفِ من المُعتَل الغَيْنُ والْيَاء. الْغَاْيَةُ مَدَيْ كُلّ شيْءٍ تَحْقيْرُها غُيَيَّةٌ وقد غيّيتُ غاْيةً.</subfield></datafield><datafield tag="500" ind1=" " ind2=" "><subfield code="a">Explicit:وَيُقَالُ وَاوٌ لهُ مؤاوَاةٌ كراهِية انضال الوَاوَات وَالياءات انقضى حرف الياء بتمام حُرْف المعْجَم كُلها بحمد الله وَعوْنِهِ وَهَذَا اخِرُ كتاب العيْن للخليل ان شاء الله.</subfield></datafield><datafield tag="500" ind1=" " ind2=" "><subfield code="a">Tinta negra</subfield></datafield><datafield tag="500" ind1=" " ind2=" "><subfield code="a">1 copista desconocido.</subfield></datafield><datafield tag="500" ind1=" " ind2=" "><subfield code="a">Colofón: تم نسخ هذ(sic) الكتاب في اوّل ربيع الاول من سنة حمسٍ وثلثين واربع ماية بعون الله وتأييده.</subfield></datafield><datafield tag="500" ind1=" " ind2=" "><subfield code="a">Características especiales: No.</subfield></datafield><datafield tag="500" ind1=" " ind2=" "><subfield code="a">Ilustración: No.</subfield></datafield><datafield tag="500" ind1=" " ind2=" "><subfield code="a">Ilustraciones: No.</subfield></datafield><datafield tag="500" ind1=" " ind2=" "><subfield code="a">Tipo de cuaderno: Cuadernos de 5 bifolios.</subfield></datafield><datafield tag="500" ind1=" " ind2=" "><subfield code="a">Deterioros generales: Volumen sin encuadernación, muchas hojas sueltas. Humedad, moho, apolillado. Primeras hojas muy deterioradas. Galerías por insectos.</subfield></datafield><datafield tag="500" ind1=" " ind2=" "><subfield code="a">H. en blanco: No.</subfield></datafield><datafield tag="500" ind1=" " ind2=" "><subfield code="a">H. dañadas, mutiladas, sueltas: Sueltas: 1-10, 19-20, 27, 77, 86, 97, 106, 116, 117, 126, 127, 136, 137, 139-145. Dañadas: todas. En las 100 primeras el texto está afectado por la humedad. Mutiladas: 1-50.</subfield></datafield><datafield tag="500" ind1=" " ind2=" "><subfield code="a">H. faltan o añadidas: No.</subfield></datafield><datafield tag="500" ind1=" " ind2=" "><subfield code="a">Foliación: 1-145: a tinta negra en el margen superior derecho del verso.</subfield></datafield><datafield tag="500" ind1=" " ind2=" "><subfield code="a">Reclamos: No.</subfield></datafield><datafield tag="500" ind1=" " ind2=" "><subfield code="a">Signatura de cuaderno: No.</subfield></datafield><datafield tag="500" ind1=" " ind2=" "><subfield code="a">Pautado: No se aprecia. Distancia interlineal: 0,7-1 cm.</subfield></datafield><datafield tag="500" ind1=" " ind2=" "><subfield code="a">Filigrana: No.</subfield></datafield><datafield tag="500" ind1=" " ind2=" "><subfield code="a">Signatura antigua: f.145v a lápiz: “Ms. 35”. Junta 35</subfield></datafield><datafield tag="500" ind1=" " ind2=" "><subfield code="a">Anotaciones: Anotaciones marginales contemporáneas a la copia. Hoja de guarda: índice. f.1r: nota acerca del contenido de la obra.</subfield></datafield><datafield tag="510" ind1="3" ind2=" "><subfield code="a">Descripción: J. Ribera y M. Asín (dirs.), Manuscritos árabes y aljamiados de la biblioteca de la Junta: noticia y extractos, Madrid: Junta para la ampliación de Estudios e Investigaciones Científicas, 1912, 134-135.</subfield></datafield><datafield tag="510" ind1="4" ind2=" "><subfield code="a">Bibliografía: J. Ribera y M. Asín (dirs.), Manuscritos árabes y aljamiados de la biblioteca de la Junta: noticia y extractos, Madrid: Junta para la ampliación de Estudios e Investigaciones Científicas, 1912, 134-135.</subfield></datafield><datafield tag="520" ind1="2" ind2=" "><subfield code="a">Segunda parte del Compendio del Kitāb al-ʽayn de al-Jalīl por M. b. al-H. az-Zubaidī al-Išbīlī (GAL, I, 139). El manuscrito RESC 49 contiene una copia acéfala de este compendio.</subfield></datafield><datafield tag="530" ind1=" " ind2=" "><subfield code="a">Mª del P. Martínez Olmo, Colección de manuscritos árabes y aljamiados de la Biblioteca del Instituto de Filología del CSIC, Instituto de Filología CSIC, Madrid, 1998 (4 Cd-Rom), CD 3. -Instituto Miguel Asín de Estudios Arabes, Colección de manuscritos árabes y aljamiados, Microforma, Madrid: 1983-84, 25 rollos, Ms. 34 y 35.</subfield></datafield><datafield tag="541" ind1=" " ind2=" "><subfield code="a">Procedencia: f. 145v: "ملك احمد عيسى المَرَّكرشِي" Almonacid de la Sierra. Pablo Gil. Sección Árabe Centro de Estudios Históricos (JAE). Escuela de Estudios Árabes de Madrid. Instituto de Filología, CSIC.</subfield><subfield code="d">Ingreso: Junio de 1910.</subfield></datafield><datafield tag="546" ind1=" " ind2=" "><subfield code="a">Árabe</subfield><subfield code="b">con escritura magrebí</subfield></datafield><datafield tag="595" ind1=" " ind2=" "><subfield code="a">No.</subfield></datafield><datafield tag="563" ind1=" " ind2=" "><subfield code="a">No tiene, volumen cosido con muchas hojas sueltas. Envuelto con un folio moderno con anotaciones a lápiz en castellano sobre la obra.</subfield></datafield><datafield tag="650" ind1=" " ind2="7"><subfield code="a">Manuscritos árabes.</subfield><subfield code="2">CSICAU</subfield></datafield><datafield tag="650" ind1=" " ind2="7"><subfield code="a">Manuscritos aljamiados.</subfield><subfield code="2">CSICAU</subfield></datafield><datafield tag="650" ind1=" " ind2="7"><subfield code="a">Arabe</subfield><subfield code="v">Diccionarios.</subfield><subfield code="2">CSICAU</subfield></datafield><datafield tag="700" ind1="1" ind2=" "><subfield code="a">Muḥammad b. Ḥasan al-Zubaydī</subfield></datafield><datafield tag="740" ind1="3" ind2=" "><subfield code="a">Al-safr al-ṯānī min mujtaṣar kitāb al-ʽayn</subfield></datafield><datafield tag="830" ind1=" " ind2="0"><subfield code="a">Manuscripta</subfield></datafield><datafield tag="856" ind1="4" ind2="1"><subfield code="u">http://aleph.csic.es/imagenes/mad01/0006_PMSC/P_001227568_650980_V00.pdf</subfield><subfield code="z">Descargar Pdf completo (30M)</subfield><subfield code="m">CSIC</subfield></datafield><datafield tag="856" ind1="4" ind2="1"><subfield code="u">http://simurg.bibliotecas.csic.es/viewer/image/CSIC001227568/1/</subfield><subfield code="z">Ver texto completo en SIMURG, el portal de fondos digitalizados del CSIC</subfield><subfield code="m">CSIC</subfield></datafield><datafield tag="856" ind1="4" ind2="1"><subfield code="u">http://aleph.csic.es/imagenes/mad01/0006_PMSC/html/001227568.html</subfield><subfield code="z">Ver texto completo en Bookreader</subfield></datafield></record></metadata></record>